<collection xmlns="http://www.loc.gov/MARC21/slim">
<record>
  <leader>01325nam0a2200241 i 450 </leader>
  <controlfield tag="001">IT\ICCU\CNCE\075459</controlfield>
  <controlfield tag="005">20150911000000.0</controlfield>
  <datafield tag="012" ind1=" " ind2=" ">
    <subfield code="a">tei- e.to s.ex 14du (C) 1577 (R)</subfield>
    <subfield code="2">fei</subfield>
  </datafield>
  <datafield tag="100" ind1=" " ind2=" ">
    <subfield code="a">20101028d1577        0itac0103    ba</subfield>
  </datafield>
  <datafield tag="101" ind1=" " ind2=" ">
    <subfield code="a">LAT</subfield>
  </datafield>
  <datafield tag="102" ind1=" " ind2=" ">
    <subfield code="a">IT</subfield>
  </datafield>
  <datafield tag="200" ind1="1" ind2=" ">
    <subfield code="a">Ex metaphysica physica mathematica philosophia morali, logica, dialectica, et medicina, conclusiones depromptas. Et illustri, ac reuerendissimo domino d. Hieronymo Theodolo episcopo Gadicensi clerico Camerae Apostolicae, et comiti Ciciliani dicatas. Bernardinus Seda ab Anticolo Campano Romani Lycei rector solius ueritatis studio disputandas proponit. Ex authoritate r.p.d. Laurentij Blanchetti sacri palatii causarum auditoris ac Romani gymnasij prorectoris meritissimi ...</subfield>
  </datafield>
  <datafield tag="210" ind1=" " ind2=" ">
    <subfield code="a">Romae</subfield>
    <subfield code="c">apud Iosephum de Angelis</subfield>
    <subfield code="d">1577</subfield>
  </datafield>
  <datafield tag="215" ind1=" " ind2=" ">
    <subfield code="a">\14! c.</subfield>
    <subfield code="d">4ʻ</subfield>
  </datafield>
  <datafield tag="300" ind1=" " ind2=" ">
    <subfield code="a">Precede il tit.: D.O.M</subfield>
  </datafield>
  <datafield tag="620" ind1=" " ind2=" ">
    <subfield code="a">IT</subfield>
    <subfield code="d">Roma</subfield>
  </datafield>
  <datafield tag="700" ind1=" " ind2="1">
    <subfield code="a">Seda,</subfield>
    <subfield code="b">Bernardino</subfield>
    <subfield code="3">IT\ICCU\CNCA\029351</subfield>
  </datafield>
  <datafield tag="712" ind1="0" ind2="0">
    <subfield code="a">De_Angelis, Giuseppe</subfield>
    <subfield code="3">IT\ICCU\CNCT\000389</subfield>
    <subfield code="4">650</subfield>
  </datafield>
  <datafield tag="791" ind1="0" ind2="0">
    <subfield code="a">Angeli, Giuseppe degli</subfield>
    <subfield code="3">IT\ICCU\CNCT\002989</subfield>
    <subfield code="z">De_Angelis, Giuseppe</subfield>
  </datafield>
  <datafield tag="791" ind1="0" ind2="0">
    <subfield code="a">Angelis, Iosephus de</subfield>
    <subfield code="3">IT\ICCU\CNCT\004515</subfield>
    <subfield code="z">De_Angelis, Giuseppe</subfield>
  </datafield>
  <datafield tag="801" ind1=" " ind2="3">
    <subfield code="a">IT</subfield>
    <subfield code="b">ICCU</subfield>
    <subfield code="c">20201115</subfield>
  </datafield>
  <datafield tag="899" ind1=" " ind2=" ">
    <subfield code="a">Biblioteca universitaria. Bologna</subfield>
    <subfield code="1">BO0098</subfield>
    <subfield code="2">UBO BU</subfield>
  </datafield>
  <datafield tag="899" ind1=" " ind2=" ">
    <subfield code="a">Biblioteca civica Aprosiana. Ventimiglia</subfield>
    <subfield code="1">IM0038</subfield>
    <subfield code="2">LI3 VM</subfield>
  </datafield>
</record>
</collection>
